% This file was created with JabRef 2.5.
% Encoding: Cp1252

@ARTICLE{Deutsch:Circuitos,
  author = {David Deutsch},
  title = {Quantum Computational Networks},
  journal = {Proc. R. Soc. London {A}},
  year = {1989},
  volume = {425},
  pages = {73-90},
  owner = {elloa},
  timestamp = {2010.05.27}
}

@ARTICLE{Deutsch:QuantumTheory,
  author = {David Deutsch},
  title = {Quantum {T}heory, the {C}hurch-{T}uring {P}rinciple and the {U}niversal
	{Q}uantum {C}omputer},
  journal = {Proceedings of the Royal Society of London A},
  year = {1985},
  volume = {400},
  pages = {97-117},
  owner = {elloa},
  timestamp = {2010.01.26}
}

@ARTICLE{Bennett:QuantumInformationSurvey,
  author = {Charles H. Bennett and Peter W. Shor},
  title = {Quantum Information Theory},
  journal = {{IEEE} Transactions on Information Theory},
  year = {1998},
  volume = {44},
  number = {6},
  pages = {2724-2742},
  owner = {elloa}
}

@BOOK{Davidson:CStarAlgebras,
  AUTHOR =       {K. Davidson},
  address =      {Rhode Island, Estados Unidos},
  title =        {$C^{\ast}$-algebras by example},
  PUBLISHER =    {Fields Institute Monographs, Amer. Math. Soc.},
  YEAR =         {1996}
}

@INPROCEEDINGS{Rex:ZeroErrorDFS,
 author={R.A. Medeiros and R. Alleaume and G. Cohen and F. M. {DE ASSIS}},
 booktitle = {{IEEE} International Telecommunications Symposium},
 title={Zero-error capacity of quantum channels and noiseless subsystems},
 year={2006},
 pages={900-905},
 address = {Fortaleza, Ceará, Brasil},
 publisher = {{IEEE} Press}
}

@BOOK{Chuang:Biblia,
  author = {Michael A. Nielsen and Isaac L. Chuang},
  title = {Quantum Computation and Quantum Information},
  publisher = {Cambridge University Press},
  year = {2010},
  address = {Cambridge, Inglaterra},
  owner = {elloa},
  timestamp = {2007.12.17}
}

@BOOK{Williams:Explorations2nd,
  title = {Explorations in Quantum Computing},
  publisher = {Springer},
  year = {2011},
  editor = {Springer},
  author = {Colin P. Williams},
  edition = {2},
  address = {Califórnia, Estados Unidos},
  owner = {elloa},
  timestamp = {2011.09.03}
}

@misc{ufam-aosp-sumama,
    author = {Ariel Luane Pereira Bentes},
    title = {Sumaúma: estação de monitoramento de plantas domésticas utilizando android e esp32},
    year = {2023},
    howpublished = {Trabalho de Conclusão de Curso (Bacharelado em Engenharia da Computação)},
    institution = {Universidade Federal do Amazonas},
    address = {Manaus (AM)},
    note = {45 f.},
    url={http://riu.ufam.edu.br/handle/prefix/6977},
}

@misc{ufam-design,
    author = {Marilis Nogueira de Freitas},
    title = {Otimização da usabilidade e interface digital do aplicativo institucional "Ecampus Aluno" da Universidade Federal do Amazonas},
    year = {2022},
    howpublished = {Trabalho de Conclusão de Curso (Bacharelado em Design)},
    institution = {Universidade Federal do Amazonas},
    address = {Manaus (AM)},
    url={https://riu.ufam.edu.br/handle/prefix/6556},
}

@misc{uea-iot-deteccao-incendio,
    author = {Márcia dos Santos de Sá},
    title = {Desenvolvimento de um protótipo de dispositivo de baixo custo baseado em Iot (internet of things) para detecção e prevenção de incêndios em ambientes residenciais},
    year = {2022},
    howpublished = {Trabalho de Conclusão de Curso (Bacharelado em Engenharia Eletrônica)},
    institution = {Universidade do Estado do Amazonas},
    address = {Manaus (AM)},
    url ={http://repositorioinstitucional.uea.edu.br//handle/riuea/3745}
}

@BOOK{system-design-IOT,
  title     = "Embedded systems design",
  author    = "Berger, Arnold S",
  publisher = "CMP Books",
  month     =  dec,
  year      =  2001,
  address   = "London, England"
}

@BOOK{seguranca-contra-incendios,
  title    = "A Segurança contra incêndio no Brasil",
  author   = "Seito, Alexandre Itiu",
  year     =  2008,
  publisher = "Projeto Editora",
  language = "pt"
}


@BOOK{sistemas-distribuidos-coulouris2013,
  title     = "Sistemas Distribuídos - 5ed: Conceitos e Projeto",
  author    = "Coulouris, George and Dollimore, Jean and Kindberg, Tim and Blair, Gordon",
  abstract  = "A Internet e a Web não param de crescer e têm impacto
               cada vez maior em diversos aspectos da nossa sociedade. Do ponto
               de vista do desenvolvimento de sistemas distribu{\'\i}dos, que
               interligam computadores e outros dispositivos, esse crescimento
               imp{\~o}e novas demandas em termos de arquitetura, algoritmos,
               requisitos de projeto, variedade de aplica{\c c}{\~o}es e de
               cargas de trabalho. A 5ª edi{\c c}{\~a}o deste best-seller
               continua a ser uma fonte de conhecimento abrangente sobre os
               princ{\'\i}pios e a pr{\'a}tica de sistemas distribu{\'\i}dos,
               com estudos de caso modernos que ilustram seu projeto e
               desenvolvimento e exerc{\'\i}cios ao final de cada cap{\'\i}tulo
               que ajudam a fixar o conte{\'u}do abordado. Destaques da 5ª
               edi{\c c}{\~a}o: - Novos cap{\'\i}tulos: comunica{\c c}{\~a}o
               indireta, objetos e componentes distribu{\'\i}dos e projeto de
               sistemas distribu{\'\i}dos. - Novos t{\'o}picos: computa{\c
               c}{\~a}o em nuvem, virtualiza{\c c}{\~a}o de rede e de sistemas
               operacionais, sistemas peer-to-peer n{\~a}o estruturados,
               espa{\c c}os de tupla, baixo acoplamento em servi{\c c}os Web e
               computa{\c c}{\~a}o m{\'o}vel e ub{\'\i}qua. - Novos estudos de
               caso: JavaSpaces, JMS, WebSphere, Messa Queues, Entreprise
               JavaBeans, Skype, Gnutella, TOTA, L2imbo, BitTorrent, End System
               Multicast, infraestrutura Google.",
  publisher = "Bookman Editora",
  month     =  jan,
  year      =  2013,
  language  = "pt"
}

@BOOK{sistemas-distribuidos-tanenbaum2007,
  title    = "Sistemas distribuídos: princípios e paradigmas",
  author   = "Tanenbaum, Andrew S and van Steen, Maarten",
  year     =  2007,
  publisher = {Pearson},
  language = "pt"
}

@misc{postgresql-documentation,
  author       = {PostgreSQL Global Development Group},
  title        = {PostgreSQL: The World's Most Advanced Open Source Relational Database},
  year         = {2024},
  howpublished = {\url{https://www.postgresql.org/}},
  note         = {(Acesso em 01/11/2024)}
}


@BOOK{banco-de-dados-navathe2014,
  title    = "Sistemas de Banco de Dados",
  author   = "Elmasri, Ramez and Navathe, Shamkant B and Pinheiro, Mar{\'\i}lia Guimar{\~a}es and others",
  year     =  2014,
  publisher = {Pearson},
  language = "pt"
}

@BOOK{quimica-brown2005,
  title    = "Química: a ciência central",
  author   = "{Brown} and Bursten, Bruce Edward and {Lemay}",
  abstract = "'Qu{\'\i}mica - a ci{\^e}ncia central' apresenta uma nova maneira
              de se aprender qu{\'\i}mica, que desmistifica o tema ao
              aproxim{\'a}-lo da realidade do dia-a-dia e ao oferecer
              ferramentas de aplica{\c c}{\~a}o eficientes. Essa forma de
              tratar a disciplina tamb{\'e}m se reflete na linguagem objetiva,
              nas diversas se{\c c}{\~o}es que permeiam o texto e abordam o
              assunto sob um ponto de vista pr{\'a}tico - como 'A qu{\'\i}mica
              no trabalho' e 'A qu{\'\i}mica e a vida' - e na estrat{\'e}gia de
              resolu{\c c}{\~a}o de problemas em etapas, nas se{\c c}{\~o}es
              'Como fazer' e 'Pratique'. A did{\'a}tica do texto {\'e}
              complementada pelo site exclusivo que acompanha a obra, trazendo
              recursos como filmes, modelos 3-D e anima{\c c}{\~o}es (em
              ingl{\^e}s).",
  year     =  2005,
  publisher = {Pearson},
  language = "pt"
}

@BOOK{redeskurose2010,
  title    = "Redes de computadores e a internet: uma abordagem top-down",
  author   = "Kurose, James F and Ross, Keith W",
  abstract = "Esta edi{\c c}{\~a}o apresenta um cap{\'\i}tulo sobre redes sem
              fio e redes m{\'o}veis, material sobre redes P2P, BGP, MPLS,
              seguran{\c c}a na rede, roteamento broadcast e endere{\c c}amento
              e repasse na Internet. O cap{\'\i}tulo 4 foi reestruturado,
              oferecendo uma exposi{\c c}{\~a}o dos pap{\'e}is do repasse e do
              roteamento e de como eles interagem na camada de rede.",
  year     =  2010,
  publisher = {Pearson},
  language = "pt"
}

@ARTICLE{carbon-monoxide-poisoning-varon,
  title     = "Carbon monoxide poisoning: a review for clinicians",
  author    = "Varon, J and Marik, P E and Fromm, Jr, R E and Gueler, A",
  abstract  = "Carbon monoxide (CO) poisoning continues to be a significant
               health problem both in the United States and in many other
               countries. CO poisoning is associated with a high incidence of
               severe morbidity and mortality. Epidemics of CO poisoning
               commonly occur during winter months and sources include: smoke
               from fires, fumes from heating systems burning fuels, and
               exhaust fumes from motor vehicles. The history of exposure and
               carboxyhemoglobin levels should alert the physician to this
               diagnosis. In the absence of exposure history, CO poisoning
               should be considered when two or more patients are
               simultaneously sick. The clinical presentation is non-specific
               and may range from nausea and headache to profound central
               nervous system dysfunction. The mainstay of therapy for CO
               poisoning is supplemental oxygen, ventilatory support, and
               monitoring for cardiac dysrhythmias. This article reviews
               up-to-date information of this potentially devastating exposure.",
  journal   = "J. Emerg. Med.",
  publisher = "Elsevier BV",
  volume    =  17,
  number    =  1,
  pages     = "87--93",
  month     =  jan,
  year      =  1999,
  language  = "en"
}

@ARTICLE{bio-sufocantes-hernandez2022,
  title     = "Biochemical suffocants: Carbon monoxide and cyanide",
  author    = "Hern{\'a}ndez Bello, Celna Y and Figueroa Uribe, Augusto F and
               Hernandez Ramirez, Julia",
  abstract  = "Gas poisoning, both voluntary and involuntary, has a high
               incidence and is often accompanied by high mortality.
               Occupational exposures and fires are the most common sources of
               inhalation injury. Suffocants chemicals are substances that
               cause oxygen deficiency without interfering with respiratory
               mechanics by altering biological oxidative mechanisms. Among the
               main chemical fixing agents are carbon monoxide and cyanide,
               which act by altering cellular respiration through blocks of
               mitochondrial enzymes. When exposed inadequately to both gases,
               they can cause symptoms ranging from mild and nonspecific
               symptoms to alterations at the neurological and cardiovascular
               levels or even death within minutes. It is important to know the
               comprehensive management of patients intoxicated by biochemical
               asphyxiants, in the case of carbon monoxide, the adequate use of
               oxygen and support measures, and in the case of cyanide,
               antidotes and their adequate administration, in order to
               decrease mortality and aftermath.",
  journal   = "Rev. Fac. Med. Humana",
  publisher = "Instituto de Investigacion en Ciencias Biomedicas",
  volume    =  22,
  number    =  3,
  pages     = "614--624",
  month     =  jul,
  year      =  2022
}

@misc{android-developers,
    author = {Android developers},
    title = {Android Mobile App Developer Tools},
    howpublished = {https://developer.android.com/},
    year = {2024},
    note = {(Acesso em 06/02/2024)}
}

@misc{iot-first-definition,
  author = {Kevin Ashton},
  title = {That ‘Internet of Things’ Thing},
  howpublished = {\url{https://www.rfidjournal.com/that-internet-of-things-thing}},
  year = {2009},
  note = {(Acesso em 06/02/2024)}
}

@misc{blueetoothIntel,
  author = {INTEL},
  title = {O que é tecnologia Bluetooth},
  howpublished = {\url{https://www.intel.com.br/content/www/br/pt/products/docs/wireless/what-is-bluetooth.html}},
  year = {2024},
  note = {(Acesso em 26/10/2024)}
}

@misc{bluetoothDocumentation,
  title   = {Bluetooth Technology Overview},
  author  = {{Bluetooth SIG, Inc.}},
  year    = {2024},
  howpublished = {\url{https://www.bluetooth.com/wp-content/uploads/Files/Specification/HTML/Core-54/out/en/architecture,-mixing,-and-conventions/architecture.html}},
  note    = {(Acesso em 27/10/2024)}
}

@article{ubiquitous-computing,
    author    = {Mark Weiser},
    title     = {The Computer for the 21st Century},
    journal   = {Scientific American},
    volume    = {265},
    number    = {3},
    year      = {1991},
    month     = sep,
    pages     = {94--104}
}

@BOOK{book-iot,
  title     = "The Internet of Things",
  author    = "Greengard, Samuel",
  abstract  = "A guided tour through the Internet of Things, a networked world
               of connected devices, objects, and people that is changing the
               way we live and work. We turn on the lights in our house from a
               desk in an office miles away. Our refrigerator alerts us to buy
               milk on the way home. A package of cookies on the supermarket
               shelf suggests that we buy it, based on past purchases. The
               cookies themselves are on the shelf because of a ``smart''
               supply chain. When we get home, the thermostat has already
               adjusted the temperature so that it's toasty or bracing,
               whichever we prefer. This is the Internet of Things---a
               networked world of connected devices, objects, and people. In
               this book, Samuel Greengard offers a guided tour through this
               emerging world and how it will change the way we live and work.
               Greengard explains that the Internet of Things (IoT) is still in
               its early stages. Smart phones, cloud computing, RFID
               (radio-frequency identification) technology, sensors, and
               miniaturization are converging to make possible a new generation
               of embedded and immersive technology. Greengard traces the
               origins of the IoT from the early days of personal computers and
               the Internet and examines how it creates the conceptual and
               practical framework for a connected world. He explores the
               industrial Internet and machine-to-machine communication, the
               basis for smart manufacturing and end-to-end supply chain
               visibility; the growing array of smart consumer devices and
               services---from Fitbit fitness wristbands to mobile apps for
               banking; the practical and technical challenges of building the
               IoT; and the risks of a connected world, including a widening
               digital divide and threats to privacy and security. Finally, he
               considers the long-term impact of the IoT on society, narrating
               an eye-opening ``Day in the Life'' of IoT connections circa
               2025.",
  publisher = "MIT Press",
  month     =  mar,
  year      =  2015,
  address   = "London, England",
  language  = "en"
}

@ARTICLE{iot-for-people,
  author={Miranda, Javier and Mäkitalo, Niko and Garcia-Alonso, Jose and Berrocal, Javier and Mikkonen, Tommi and Canal, Carlos and Murillo, Juan M.},
  journal={IEEE Internet Computing}, 
  title={From the Internet of Things to the Internet of People}, 
  year={2015},
  volume={19},
  number={2},
  pages={40-47},
  keywords={Internet of things;Mobile handsets;Mobile communication;Sociology;Affective computing;Pervasive computing;Web browsers;Social network services;Internet of Things;Internet of People;mobile devices;sociological profiles;pervasive computing;sensors;adaptation to user state;affective computing;Internet/Web technologies},
  doi={10.1109/MIC.2015.24}
}

@misc{curupira,
  author = {UEA},
  howpublished = {\url{https://noticias2.uea.edu.br/noticia.php?notId=76631}},
  title = {Projeto Curupira, da UEA, vai ajudar no combate à derrubada de árvores},
  year = {2023},
  month = {aug},
  note = {(Acesso em 25/10/2024)}
}

@misc{telemedicina,
  author = {UFMG},
  howpublished = {\url{https://www.medicina.ufmg.br/mais-de-75-milhoes-de-consultas-foram-realizadas-por-telemedicina-no-brasil/}},
  title = {Mais de 7,5 milhões de consultas foram realizadas por telemedicina no Brasil entre 2020 e 2021},
  year = {2022},
  month = {jul}
}

@misc{G1-ar-manaus,
    author = {G1},
    title = {Fumaça de queimadas coloca Manaus entre cidades com pior qualidade do ar no mundo},
    howpublished = {\url{https://shre.ink/DtsI}},
    month = {Oct},
    year = {2023},
    note = {(Acesso em 05/05/2024)},
    journal = {G1}
}

@misc{iot-cycle,
author = {Analog Devices},
title = {Internet of Things (IoT) | Analog Devices},
howpublished = {\url{https://www.analog.com/en/solutions/internet-of-things.html}},
month = {nov},
year = {2015},
note = {(Acesso em 12/07/2024)}
}

@inproceedings{elloa-folha-de-cafe,
 author = {Laís Albuquerque and Elloá Guedes},
 title = { Um Comparativo de Abordagens com Redes Neurais Artificiais para Detecção Inteligente de Patologias na Folha do Café},
 booktitle = {Anais do XIV Workshop de Computação Aplicada à Gestão do Meio Ambiente e Recursos Naturais},
 location = {João Pessoa/PB},
 year = {2023},
 keywords = {},
 issn = {2595-6124},
 pages = {131--140},
 publisher = {SBC},
 address = {Porto Alegre, RS, Brasil},
 doi = {10.5753/wcama.2023.229712},
 url = {https://sol.sbc.org.br/index.php/wcama/article/view/25102}
}

@misc{mec-ead,
  author       = {MEC},
  howpublished = {https://shre.ink/DH3S},
  title        = {Ensino a distância - MEC - Ministério da Educação},
  year         = {2024},
  note         = {(Acesso em 14/07/2024)}
}

@misc{abcomm-ecomerce,
  author       = {ABCOMM},
  howpublished = {https://dados.abcomm.org/numeros-do-ecommerce-brasileiro},
  title        = {Principais Indicadores do E-commerce 2023},
  year         = {2024},
  note         = {(Acesso em 23/08/2024)}
}

@inproceedings{juliana-blockchain,
 author = {Juliana Z. G. Mascarenhas and Alex B. Vieira and Artur Ziviani},
 title = { Análise da Rede de Transações do Ethereum},
 booktitle = {Anais do I Workshop em Blockchain: Teoria, Tecnologias e Aplicações},
 location = {Campos do Jordão},
 year = {2018},
 keywords = {},
 issn = {0000-0000},
 publisher = {SBC},
 address = {Porto Alegre, RS, Brasil},
 url = {https://sol.sbc.org.br/index.php/wblockchain/article/view/2352}
}

@misc{impacto-android-brasil,
author = {BAIN & COMPANY},
title = {impactos do android no brasil },
howpublished = {\url{https://www.bain.com/contentassets/a9200a057a0241b8963c05a9b09e33fe/impactos-do-android-no-brasil.pdf}},
year = {2020},
note = {(Acesso em 08/07/2024)}
}

@misc{amazon-robos,
author = {G1},
title = {Os robôs vão substituir as pessoas na Amazon? | Inovação | G1},
howpublished = {\url{https://g1.globo.com/inovacao/noticia/2022/11/12/robos-centro-distribuicao-amazon.ghtml}},
month = {nov},
year = {2022},
note = {(Acesso em 24/08/2024)}
}

@misc{api-definition,
author = {IBM},
title = {What Is an API (Application Programming Interface)?},
howpublished = {\url{https://www.ibm.com/topics/api}},
month = {apr},
year = {2024},
note = {(Acesso em 27/08/2024)}
}

@misc{opengl-example,
author = {Khronos Group},
title = {OpenGL - The Industry Standard for High Performance Graphics},
howpublished = {\url{https://www.opengl.org/}},
month = {aug},
year = {2024},
note = {(Acesso em 27/08/2024)}
}

@misc{google-maps-example,
author = {Google},
title = {Plataforma Google Maps},
howpublished = {\url{https://developers.google.com/maps?hl=pt-br}},
month = {aug},
year = {2024},
note = {(Acesso em 27/08/2024)}
}

@misc{google-developers-architecture,
  author = {Google Developers},
  howpublished = {\url{https://developer.android.com/guide/platform}},
  title = {Platform architecture},
  year = {2024},
  note = {(Acesso em 06/09/2024)}
}

@misc{google-developers-runtime,
  author = {Google Developers},
  howpublished = {\url{https://source.android.com/docs/core/runtime}},
  title = {Android runtime and Dalvik},
  year = {2024},
  note = {(Acesso em 06/09/2024)}
}

@misc{google-developers-wakelock,
  author = {Google Developers},
  howpublished = {\url{https://developer.android.com/develop/background-work/background-tasks/scheduling/wakelock}},
  title = {Keep the device awake},
  year = {2024},
  note = {(Acesso em 06/09/2024)}
}

@misc{google-developers-memory-killer,
  author = {Google Developers},
  howpublished = {\url{https://developer.android.com/topic/performance/memory-management}},
  title = {Memory allocation among processes},
  year = {2024},
  note = {(Acesso em 06/09/2024)}
}

@misc{google-developers-guideline,
  author = {Google Developers},
  howpublished = {\url{https://developer.android.com/guide}},
  title = {Developer guides},
  year = {2024},
  note = {(Acesso em 06/09/2024)}
}

@misc{google-developers-activity-lifecycle,
  author = {Google Developers},
  howpublished = {\url{https://developer.android.com/guide/components/activities/intro-activities}},
  title = {Introduction to activities},
  year = {2024},
  note = {(Acesso em 06/09/2024)}
}

@misc{google-developers-viewmodel,
  author = {Google Developers},
  howpublished = {\url{https://developer.android.com/topic/libraries/architecture/viewmodel}},
  title = {ViewModel overview},
  year = {2024},
  note = {(Acesso em 06/09/2024)}
}

@misc{example-design-api,
author = {Microsoft},
title = {API design - Azure Architecture Center},
howpublished = {\url{https://learn.microsoft.com/en-us/azure/architecture/microservices/design/api-design}},
month = {aug},
year = {2024},
note = {(Acesso em 27/08/2024)}
}

@misc{aosp-documentation,
author = {Android Source},
title = {Android Open Source Project},
year = {2024},
howpublished = {\url{https://source.android.com/?hl=pt}},
note = {(Acesso em 06/02/2024)}
}

@misc{mvvm-documentation,
  author = {Michael Stonis and Genevieve Warren and James Montemagno and Tarun Jain and David Pine},
  howpublished = {\url{https://learn.microsoft.com/pt-br/dotnet/architecture/maui/mvvm}},
  title = {Model-View-ViewModel (MVVM)},
  year = {2024},
  note = {(Acesso em 06/09/2024)}
}

@misc{esp32-espressif-documentation,
  author = {Espressif},
  howpublished = {\url{https://www.espressif.com/en/products/socs/esp32}},
  title = {ESP32},
  year = {2024}
}

@misc{esp32-comparation-table,
  author = {Fernando Koyanagi},
  howpublished = {\url{https://www.instructables.com/Introduction-to-ESP32/}},
  title = {Introduction to ESP32},
  year = {2024}
}

@misc{alexandre-automaccao-formulas-de-leitura-sensor,
  title={Automação residencial de monitoramento de gás por meio da plataforma Arduino e IOT},
  author={Alexandre Daniel Limas},
  year = {2021},
  month = jul,
  howpublished = {\url{http://repositorio.unesc.net/handle/1/8852}},
  note = {(Acesso em 07/09/2024)},
}

@INPROCEEDINGS{iot-monitoring-on-aws,
  author={Ladekar, Vrushali and Daruwala, Rohin},
  booktitle={2019 10th International Conference on Computing, Communication and Networking Technologies (ICCCNT)}, 
  title={Indoor Air Quality Monitoring on AWS Using MQTT Protocol}, 
  year={2019},
  pages={1-6},
  keywords={Monitoring;Wireless fidelity;Cloud computing;Gas detectors;Indoor air quality;Indoor air quality;real time air quality monitoring;Internet of things;visualization;alert},
  doi={10.1109/ICCCNT45670.2019.8944892}
}

@misc{sistema-deteccao,
  title={Sistema de Detecção de Gás Para Áreas de Riscos (SDGRL)},
  author={Antonio Vizeu da Costa Lima Neto and Matheus Duarte Martins and Wagner Perini Teixeira and Daniel Carletti},
  year={2022},
  month={fev},
  publisher={Multivix},
  url={https://multivix.edu.br/wp-content/uploads/2022/02/sistema-de-deteccao-de-gas-para-areas-de-riscos-sdgrl.pdf}
}

@misc{UFAMAirWorld,
  author = {Alex da Silva Souza},
  title = {AirWorld: uma solução tecnológica para o monitoramento da qualidade do ar em ambientes públicos},
  publisher={Universidade Federal do Amazonas},
  url={http://riu.ufam.edu.br/handle/prefix/6977},
  year={2023} 
}

@article{tbRelacionado4NovelEmbeddedSystem,
title = {Intelligent based novel embedded system based IoT enabled air pollution monitoring system},
journal = {Microprocessors and Microsystems},
volume = {77},
pages = {103172},
year = {2020},
issn = {0141-9331},
doi = {https://doi.org/10.1016/j.micpro.2020.103172},
url = {https://www.sciencedirect.com/science/article/pii/S0141933120303392},
author = {R. Senthilkumar and P. Venkatakrishnan and N. Balaji},
keywords = {Embedded system, Microprocessor, Cloud server, Internet of things (IoT), Air quality, Sensors},
abstract = {The rapid growth of industry and transport within this contemporary progress, there was sufficient consideration given to air quality monitoring; but conventional air quality monitoring methods are inefficient to produce adequate spatial and temporal resolutions of the air quality information by cost-effective also the period time clarifications. During the paper, we propose a distinct methodology to achieve the air quality monitoring system, using this fog computing-based Internet of Things (IoT). In this paper proposed an embedded system, where sensors collect the air quality information within period time and send it over the fog nodes. Every fog node may be an extraordinarily virtualized program hosted at a committed computing node implemented with a connection interface. Data gathered by Microprocessor based IoT sensing things do not seem to be causing on into the cloud server to the process. Preferably, they do send through the adjacent fog node to get quick, including high-rise rate service. Though, fog node will refine non-actionable data (e.g., regular device measurement) also forward them to the Cloud for lengthy run storage and batch analytics. The Cloud may be a convenient location to run world analytics at information gathered from commonly shared devices over sustained periods (months, years). General purpose processor (microprocessor) and IoT cloud platforms were involved in developing this whole infrastructure and model for analysis. Empirical outcomes reveal that this advanced method is responsible for sensing air quality, which serves to expose the modification patterns regarding air quality through a certain level.}
}

@article{sistema-antivazamento,
author = {Peres, Handel and Paiva, Victor and Xavier, Nathan},
year = {2021},
month = {12},
pages = {84-99},
title = {Sistema de Controle e Monitoramento em Tempo Real de Gases para Uso Doméstico com Tecnologia Antivazamento},
journal = {RISTI - Revista Ibérica de Sistemas e Tecnologias de Informação},
doi = {10.17013/risti.44.84-99}
}

@misc{uea-queima-fecha,
  author = {G1},
  howpublished = {\url{https://g1.globo.com/am/amazonas/noticia/2024/09/19/uea-suspende-aulas-em-manaus-e-no-interior-devido-a-pessima-qualidade-do-ar.ghtml}},
  title = {UEA suspende aulas em Manaus e no interior devido à péssima qualidade do ar},
  year = {2024},
  month = {sep},
  note = {(Acesso em 02/11/2024)}
}

@misc{c4-model,
    author = {Simon Brown},
    title = {C4 Model},
    year = {2024},
    howpublished = {\url{https://c4model.com}},
    note = {Acesso em 11/10/2024}
}

@misc{ngrok,
    author = {Ngrok, Inc.},
    title = {Ngrok: Secure Tunnel to Localhost},
    year = {2024},
    howpublished = {\url{https://ngrok.com/}},
    note = {(Acesso em 03/11/2024)}
}

@misc{hibernate-documentation,
  author       = {Hibernate},
  title        = {Hibernate ORM: Relational Persistence for Idiomatic Java},
  year         = {2024},
  howpublished = {\url{https://hibernate.org/orm/}},
  note         = {(Acesso em 16/11/2024)}
}

@misc{spring-data-jpa-documentation,
  author       = {Spring},
  title        = {Spring Data JPA},
  year         = {2024},
  howpublished = {\url{https://spring.io/projects/spring-data-jpa}},
  note         = {(Acesso em 08/11/2024)}
}