% Livro com o diagrama da metodologia base do artigo
@BOOK{metodologia-embedded-system,
  title     = "Embedded systems design",
  author    = "Berger, Arnold S",
  publisher = "CMP Books",
  month     =  dec,
  year      =  2001,
  address   = "London, England"
}













@book{Dongarra2003,
 editor = {Dongarra, Jack and Foster, Ian and Fox, Geoffrey and Gropp, William and Kennedy, Ken and Torczon, Linda and White, Andy},
 title = {Sourcebook of Parallel Computing},
 year = {2003},
 publisher = {Morgan Kaufmann Publishers Inc.},
 address = {San Francisco, CA, USA},
}

@book{Wickham2017,
	author = {Wickham, Hadley and Grolemund, Garrett},
	day = {05},
	edition = {1},
	howpublished = {Paperback},
	isbn = {1491910399},
    publisher = {O'Reilly Media},
    address = {Sebastopol, CA},
	title = {R for Data Science: Import, Tidy, Transform, Visualize, and Model Data},
	year = {2017}
}

@techreport{Holbig2003,
  author    =   "Carlos H{\"o}lbig and Walter Kr{\"a}mer",
  title     =   "Selfverifing Solvers for Dense Systems of Linear Equations Realized in {C-XSC}",
  institution = "BUGH, Universit{\"a}t Wuppertal",
  year      =   2003,
  type      =   "Technical report,",
  number    = "Preprint~BUGHW-WRSWT~2003/1",
  address   =   "Wuppertal, Germany",
  note       =   "Available at \url{http://www2.math.uni-wuppertal.de/~xsc/preprints/prep_03_1.pdf}",
}

@inproceedings{Holbig2014,
  author    =   {H{\"o}lbig, C. A. and Pavan, W. and Fernandes, J. M. C. and Mazzonetto, A. and Zortea, T.},
  title     =   {An approach for encapsulating {F}ortran coded models into a {R} package},
  editor = {Ames, D.P. and Quinn, N.W.T. and Rizzoli, A.E.},
  bookTitle = {Proceedings of the 7th International Congress on Environmental Modelling and Software},
  address   =   {San Diego, California, USA},
  year      =   {2014},
  isbn      = {978-88-9035-744-2},
  publisher  =   {IEMSS},
  note       =   {Available at \url{http://www.iemss.org/sites/iemss2014/papers/iemss2014_submission_146.pdf}},
}

@article{Fernandes2017,
	author="Fernandes, Jos{\'e} Maur{\'i}cio Cunha
	and Nicolau, M{\'a}rcio
	and Pavan, Willingthon
	and H{\"o}lbig, Carlos Amaral
	and Karrei, Maur{\'i}cio
	and de Vargas, Felipe
	and Bavaresco, Jorge Luis Boeira
	and Lazzaretti, Alexandre Tagliari
	and Tsukahara, Rodrigo Y.",
	title="A weather-based model for predicting early season inoculum build-up and spike infection by the wheat blast pathogen",
	journal="Tropical Plant Pathology",
	year="2017",
	month="Jun",
	day="01",
	volume="42",
	number="3",
	pages="230--237",
	issn="1983-2052",
	doi="10.1007/s40858-017-0164-2",
	note="\url{http://dx.doi.org/10.1007/s40858-017-0164-2}",
}

@article{Resenes2019,
    title = "j{DSSAT}: A JavaScript Module for {DSSAT-CSM} integration",
    author = "Resenes, Jonas de Abreu and Pavan, Willingthon and H{\"o}lbig, Carlos Amaral and Fernandes, Jos{\'e} Maur{\'i}cio Cunha and Sheila, Vakhtang and Porter, Cheryl and Hoogenboom, Gerrit",
    journal = "SoftwareX",
    volume = "10",
    pages = "100271",
    year = "2019",
    issn = "2352-7110",
    doi = "https://doi.org/10.1016/j.softx.2019.100271",
    note = "\url{https://doi.org/10.1016/j.softx.2019.100271}",
}

@MASTERSTHESIS{Nicolau2018,
    author = {Nicolau, M{\Â´a}rcio},
 	title = {CROPTEST : data-drive test automation for crop modeling systems},
 	year = {2018},
 	publisher = {Universidade de Passo Fundo},
 	school = {Graduate Program in Applied Computing at University of Passo Fundo},
 	type = {Master in {A}pplied {C}omputing},
 	note = {Available at \url{http://tede.upf.br/jspui/handle/tede/1531}},
}

@Manual{Shiny2019,
    title = {shiny: Web Application Framework for R},
    author = {Winston Chang and Joe Cheng and JJ Allaire and Yihui Xie and Jonathan McPherson},
    year = {2019},
    note = {Available at \url{https://CRAN.R-project.org/package=shiny}},
  }

@Manual{R2019,
    title = {R: A Language and Environment for Statistical Computing},
    author = {{R Core Team}},
    organization = {R Foundation for Statistical Computing},
    address = {Vienna, Austria},
    year = {2019},
    note = {Available at \url{https://www.R-project.org/}},
  }

@incollection{Holbig2004,
	author="H{\"o}lbig, Carlos Amaral
	and J{\'u}nior, Paulo S{\'e}rgio Morandi
	and Alcalde, Bernardo Frederes Kr{\"a}mer
	and Diverio, Tiaraj{\'u} Asmuz",
	editor="Wyrzykowski, Roman
	and Dongarra, Jack
	and Paprzycki, Marcin
	and Wa{\'{s}}niewski, Jerzy",
	title="Selfverifying Solvers for Linear Systems of Equations in {C-XSC}",
	bookTitle="Parallel Processing and Applied Mathematics: 5th International Conference, PPAM 2003, Czestochowa, Poland, September 7-10, 2003. Revised Papers",
	year="2004",
	publisher="Springer Berlin Heidelberg",
	address="Berlin, Heidelberg",
	pages="292--297",
	isbn="978-3-540-24669-5",
	doi="10.1007/978-3-540-24669-5_38",
	note="\url{http://dx.doi.org/10.1007/978-3-540-24669-5_38}"
}