@online{qualidade-do-ar-pessima-manaus,
author = {G1},
title = {Fumaça de queimadas coloca Manaus entre cidades com pior qualidade do ar no mundo},
howpublished = {\url{https://shre.ink/DtsI}},
month = {Oct},
year = {2023},
note = {(Acesso em 05/05/2024)}
}

@online{ceu-amazonense,
    author = {Poder360},
    title = {Manaus registra uma das piores qualidade de ar do mundo},
    howpublished = {\url{https://www.poder360.com.br/brasil/manaus-registra-uma-das-piores-qualidade-de-ar-do-mundo/}},
    month = {oct},
    year = {2023},
    note = {(Acesso em 23/07/2024)}
}

@online{morteCO,
author = {ISTOÉ},
title = {Intoxicação por monóxido de carbono: relembre casos ocorridos no Brasil - ISTOÉ Independente},
howpublished = {\url{https://istoe.com.br/intoxicacao-por-monoxido-de-carbono-relembre-casos-ocorridos-no-brasil/}},
month = {jul},
year = {2023},
note = {(Acesso em 19/07/2024)}
}

@article{VARON199987,
title = {Carbon monoxide poisoning: a review for clinicians},
journal = {The Journal of Emergency Medicine},
volume = {17},
number = {1},
pages = {87-93},
year = {1999},
issn = {0736-4679},
doi = {https://doi.org/10.1016/S0736-4679(98)00128-0},
url = {https://www.sciencedirect.com/science/article/pii/S0736467998001280},
author = {Joseph Varon and Paul E. Marik and Robert E. {Fromm Jr} and Alfredo Gueler},
keywords = {Carbon monoxide poisoning, furnaces, smoke inhalation},
abstract = {Carbon monoxide (CO) poisoning continues to be a significant health problem both in the United States and in many other countries. CO poisoning is associated with a high incidence of severe morbidity and mortality. Epidemics of CO poisoning commonly occur during winter months and sources include: smoke from fires, fumes from heating systems burning fuels, and exhaust fumes from motor vehicles. The history of exposure and carboxyhemoglobin levels should alert the physician to this diagnosis. In the absence of exposure history, CO poisoning should be considered when two or more patients are simultaneously sick. The clinical presentation is non-specific and may range from nausea and headache to profound central nervous system dysfunction. The mainstay of therapy for CO poisoning is supplemental oxygen, ventilatory support, and monitoring for cardiac dysrhythmias. This article reviews up-to-date information of this potentially devastating exposure.}
}

@book{18WorkFlowEmbeddedSystem,
  author    = "Arnold Berger",
  title     = "Embedded Systems Design: An Introduction to Processes, Tools and Techniques",
  publisher = "CMP Books",
  address   = "Lawrence, Kansas",
  year      = 2002
}

@misc{aosp-documentation,
author = {AOSP},
title = {Android Open Source Project},
year = {2024},
howpublished = {\url{https://source.android.com/}},
note = {(Acesso em 06/02/2024)}
}

@misc{impactoAndroidBrazil,
author = {BAIN \& COMPANY},
title = {impactos do android no brasil },
howpublished = {\url{https://www.bain.com/contentassets/a9200a057a0241b8963c05a9b09e33fe/impactos-do-android-no-brasil.pdf}},
month = {},
year = {2020},
note = {(Acesso em 08/07/2024)}
}

@misc{refTermoIOT,
author = {KEVIN ASHTON},
title = {That 'Internet of Things' Thing - RFID JOURNAL},
howpublished = {\url{https://www.rfidjournal.com/that-internet-of-things-thing}},
month = {},
year = {2009},
note = {(Acesso em 06/02/2024)}
}

@misc{cicloIOT,
author = {Analog Devices},
title = {Internet of Things (IoT) | Analog Devices},
howpublished = {\url{https://www.analog.com/en/solutions/internet-of-things.html}},
month = {nov},
year = {2015},
note = {(Acesso em 12/07/2024)}
}

@book{tabelaCO,
  title={A segurança contra incêndio no Brasil},
  author={Alexandre Itiu Seito and Alfonso Antonio Gill and Fabio Domingos Pannoni and Rosaria Ono and Silvio Bento da Silva and Ualfrido Del Carlo and Valdir Pignatta e Silva},
  year={2008},
  edition={1},
  publisher={Projeto Editora}
}

@misc{12-UFAM-Sumauma,
  author = {Ariel Luane Pereira Bentes},
  title = {Sumaúma: estação de monitoramento de plantas domésticas utilizando android e esp32},
  publisher={Universidade Federal do Amazonas},
  url={http://riu.ufam.edu.br/handle/prefix/6977},
  year={2023} 
}

@misc{11-UEA-IOT-Prev-Inc,
  author = {{Sá, Márcia dos Santos de}},
  title = {Desenvolvimento de um protótipo de dispositivo de baixo custo baseado em Iot (internet of things) para detecção e prevenção de incêndios em ambientes residenciais},
  publisher={Universidade do Estado do Amazonas},
  url={http://repositorioinstitucional.uea.edu.br//handle/riuea/3745},
  month=jan,
  year={2022}
}

@article{hernandez2022asfixiantes,
  title={Asfixiantes bioqu{\'\i}micos: Mon{\'o}xido de Carbono y Cianuro},
  author={Hern{\'a}ndez Bello, Celna Y and Figueroa-Uribe, Augusto F and Hern{\'a}ndez-Ram{\'\i}rez, Julia},
  journal={Revista de la Facultad de Medicina Humana},
  volume={22},
  number={3},
  pages={614--624},
  year={2022},
  publisher={Universidad Ricardo Palma (URP)}
}